<?xml version='1.0' encoding='UTF-8'?>
<record xmlns="http://www.loc.gov/MARC21/slim">
  <leader>02174cam a2200421 a 4500</leader>
  <controlfield tag="001">192808</controlfield>
  <controlfield tag="003">NjP</controlfield>
  <controlfield tag="005">20171009075002.0</controlfield>
  <controlfield tag="008">831129m19809999ir       b    000 0 ara d</controlfield>
  <datafield tag="024" ind1="7" ind2=" ">
    <subfield code="a">princeton_aco002996</subfield>
    <subfield code="2">local</subfield>
  </datafield>
  <datafield ind1=" " ind2=" " tag="035">
    <subfield code="a">(OCoLC)83033428</subfield>
  </datafield>
  <datafield ind1=" " ind2=" " tag="035">
    <subfield code="a">(OCoLC)ocn175409620</subfield>
  </datafield>
  <datafield ind1=" " ind2=" " tag="035">
    <subfield code="a">(OCoLC)175409620</subfield>
  </datafield>
  <datafield ind1=" " ind2=" " tag="035">
    <subfield code="a">(CStRLIN)NJPG83-B79517</subfield>
  </datafield>
  <datafield ind1=" " ind2=" " tag="035">
    <subfield code="9">ABA7728TS</subfield>
  </datafield>
  <datafield ind1=" " ind2=" " tag="035">
    <subfield code="a">(NjP)192808</subfield>
  </datafield>
  <datafield ind1=" " ind2=" " tag="040">
    <subfield code="a">NjP</subfield>
    <subfield code="c">PUL</subfield>
    <subfield code="d">PUL</subfield>
  </datafield>
  <datafield ind1="1" ind2=" " tag="041">
    <subfield code="a">ara</subfield>
    <subfield code="h">per</subfield>
  </datafield>
  <datafield ind1=" " ind2=" " tag="049">
    <subfield code="a">PULL</subfield>
  </datafield>
  <datafield ind1=" " ind2=" " tag="079">
    <subfield code="a">ocm83033428</subfield>
  </datafield>
  <datafield ind1="1" ind2=" " tag="100">
    <subfield code="6">880-01</subfield>
    <subfield code="a">Laknawī, Ḥāmid Ḥusayn al-Mūsawī,</subfield>
    <subfield code="d">1830 or 1831-1888 or 1889.</subfield>
    <subfield code="0">http://id.loc.gov/authorities/names/n85155724</subfield>
  </datafield>
  <datafield ind1="1" ind2="0" tag="240">
    <subfield code="6">880-02</subfield>
    <subfield code="a">ʻAbaqāt al-anwār fī imāmat al-aʼimmah al-aṭhār.</subfield>
    <subfield code="l">Arabic.</subfield>
    <subfield code="k">Selections</subfield>
  </datafield>
  <datafield ind1="1" ind2="0" tag="245">
    <subfield code="6">880-03</subfield>
    <subfield code="a">Khulāṣat ʻAbaqāt al-anwār fī imāmat al-aʼimmah al-aṭhār (ḥadīth al-safīnah) :</subfield>
    <subfield code="b">taʼlīf Ḥāmid Ḥusayn al-Lakhnawi /</subfield>
    <subfield code="c">bi-qalam ʻAlī al-Ḥusaynī al-Mīlānī.</subfield>
  </datafield>
  <datafield ind1=" " ind2=" " tag="260">
    <subfield code="6">880-04</subfield>
    <subfield code="a">Iṣbahān :</subfield>
    <subfield code="b">Maktabat al-Imām Amīr al-Muʼminīn ʻAlī,</subfield>
    <subfield code="c">1401-1403 [1980-1982]</subfield>
  </datafield>
  <datafield ind1=" " ind2=" " tag="300">
    <subfield code="a">v. ;</subfield>
  </datafield>
  <datafield ind1=" " ind2=" " tag="500">
    <subfield code="6">880-05</subfield>
    <subfield code="a">Vol. 2 has edition statement al-Ṭabʻah 2.</subfield>
  </datafield>
  <datafield ind1=" " ind2=" " tag="504">
    <subfield code="a">Includes bibliographies.</subfield>
  </datafield>
  <datafield ind1=" " ind2="0" tag="650">
    <subfield code="a">Imamate.</subfield>
    <subfield code="0">http://id.loc.gov/authorities/subjects/sh85064479</subfield>
  </datafield>
  <datafield ind1="1" ind2=" " tag="700">
    <subfield code="6">880-06</subfield>
    <subfield code="a">Mīlānī, ʻAlī al-Ḥusaynī.</subfield>
  </datafield>
  <datafield ind1="1" ind2=" " tag="880">
    <subfield code="6">100-01/r</subfield>
    <subfield code="a">لكنوي، حامد حسين الموسوي،</subfield>
    <subfield code="d">1830 or 1831-1888 or 1889.</subfield>
  </datafield>
  <datafield ind1="1" ind2="0" tag="880">
    <subfield code="6">240-02/r</subfield>
    <subfield code="a">عبقات الانوار في امامة الائمة الاطهار.</subfield>
    <subfield code="l">Arabic.</subfield>
    <subfield code="k">Selections</subfield>
  </datafield>
  <datafield ind1="1" ind2="0" tag="880">
    <subfield code="6">245-03/r</subfield>
    <subfield code="a">خلاصة عبقات الانوار في امامة الائمة الاطهار (حديث السفينه) :</subfield>
    <subfield code="b">تأليف حامد حسين اللخنو /</subfield>
    <subfield code="c">بقلم علي الحسيني الميلاني.</subfield>
  </datafield>
  <datafield ind1=" " ind2=" " tag="880">
    <subfield code="6">260-04/r</subfield>
    <subfield code="a">اصبهان :</subfield>
    <subfield code="b">مكتبة الامام امير المؤمنين علي،</subfield>
    <subfield code="c">1401-1403 [1980-1982]</subfield>
  </datafield>
  <datafield ind1=" " ind2=" " tag="880">
    <subfield code="6">500-05/r</subfield>
    <subfield code="a">Vol. 2 has edition statement الطبعة 2.</subfield>
  </datafield>
  <datafield ind1="1" ind2=" " tag="880">
    <subfield code="6">700-06/r</subfield>
    <subfield code="a">ميلاني، علي الحسيني.</subfield>
  </datafield>
  <datafield ind1=" " ind2=" " tag="998">
    <subfield code="a">07/25/88</subfield>
    <subfield code="s">9118</subfield>
    <subfield code="n">NjP</subfield>
    <subfield code="w">NJPG83B79517</subfield>
    <subfield code="d">11/29/83</subfield>
    <subfield code="c">DGH</subfield>
    <subfield code="b">MT</subfield>
    <subfield code="i">880725</subfield>
    <subfield code="l">NJPG</subfield>
  </datafield>
  <datafield ind1=" " ind2=" " tag="911">
    <subfield code="a">19921028</subfield>
  </datafield>
  <datafield ind1=" " ind2=" " tag="912">
    <subfield code="a">19900822000000.0</subfield>
  </datafield>
  <datafield ind1=" " ind2=" " tag="994">
    <subfield code="a">C0</subfield>
    <subfield code="b">PUL</subfield>
  </datafield>
  <datafield ind1=" " ind2=" " tag="999">
    <subfield code="a">192808</subfield>
  </datafield>
  <datafield ind1="0" ind2="1" tag="852">
    <subfield code="0">212075</subfield>
    <subfield code="b">rcppa</subfield>
    <subfield code="t">1</subfield>
    <subfield code="h">BP166.94</subfield>
    <subfield code="i">.L342512 1980b</subfield>
    <subfield code="x">tr fr arab</subfield>
  </datafield>
  <datafield ind1=" " ind2="0" tag="866">
    <subfield code="0">212075</subfield>
    <subfield code="8">0</subfield>
    <subfield code="a">juzʾ3-4</subfield>
  </datafield>
  <datafield ind1=" " ind2="0" tag="866">
    <subfield code="0">212075</subfield>
    <subfield code="8">0</subfield>
    <subfield code="x">ADD AS: juzʾ</subfield>
  </datafield>
  <datafield ind1=" " ind2=" " tag="959">
    <subfield code="a">2000-06-13 00:00:00 -0500</subfield>
  </datafield>
</record>
